@misc{githubtrandattin,
  title = {{Trần Đạt Tín - Mã nguồn trình bày trong tiểu luận 2022}},
  howpublished = {\url{https://github.com/trandattin/caro-csharp}},
  note = {Accessed: 2022-03-25}
}

@misc{howkteam,
  title = {Lập trình game Caro với C\# Winform},
  howpublished = {\url{https://howkteam.vn/course/lap-trinh-game-caro-voi-c-winform-14}},
  note = {Accessed: 2022-11-21}
}

@misc{tuhocit,
  title = {Cấu trúc dự án C\# - solution, project, file mã nguồn},
  howpublished = {\url{https://tuhocict.com/solution-project-source-namespace/}},
  note = {Accessed: 2022-11-21}
}

@misc{wikigomoku,
  title = {Gomoku},
  howpublished = {\url{https://en.wikipedia.org/wiki/Gomoku}},
  note = {Accessed: 2022-11-21}
}

@article{tranduythanhreport,
  title={Viết game Tetris chạy trên giao diện dòng lệnh (Console User Interface)},
  author ={Trần Duy Thanh},
  journal={Trường Đại học Đà Lạt},
  year={2022},
}